@article{neuraladditive,
  title   = {Neural additive models: Interpretable machine learning with neural nets},
  author  = {Agarwal, Rishabh and Melnick, Levi and Frosst, Nicholas and Zhang, Xuezhou and Lengerich, Ben and Caruana, Rich and Hinton, Geoffrey E},
  journal = {Advances in Neural Information Processing Systems},
  volume  = {34},
  year    = {2021}
}